@article{du2018improved,
  title={Improved learning of one-hidden-layer convolutional neural networks with overlaps},
  author={Du, Simon S and Goel, Surbhi},
  journal={arXiv preprint arXiv:1805.07798},
  year={2018}
}