@article{goel2024tolerant,
  title={Tolerant Algorithms for Learning with Arbitrary Covariate Shift},
  author={Goel, Surbhi and Shetty, Abhishek and Stavropoulos, Konstantinos and Vasilyan, Arsen},
  journal={arXiv preprint arXiv:2406.02742},
  year={2024}
}