@inproceedings{dagan2021statistical,
  title={Statistical Estimation from Dependent Data},
  author={Kandiros, Vardis and Dagan, Yuval and Dikkala, Nishanth and Goel, Surbhi and Daskalakis, Constantinos},
  booktitle={International Conference on Machine Learning},
  pages={5269--5278},
  year={2021},
  organization={PMLR}
}
