@article{liu2022transformers,
  title={Transformers Learn Shortcuts to Automata},
  author={Liu, Bingbin and Ash, Jordan T and Goel, Surbhi and Krishnamurthy, Akshay and Zhang, Cyril},
  journal={arXiv preprint arXiv:2210.10749},
  year={2022}
}