@inproceedings{hoffmann2020learning,
  title={Learning Mixtures of Graphs from Epidemic Cascades},
  author={Hoffmann, Jessica and Basu, Soumya and Goel, Surbhi and Caramanis, Constantine},
  booktitle={International Conference on Machine Learning},
  pages={4342--4352},
  year={2020},
  organization={PMLR}
}