@inproceedings{edelman2021inductive,
      title={Inductive Biases and Variable Creation in Self-Attention Mechanisms}, 
      author={Benjamin L. Edelman and admin and Sham Kakade and Cyril Zhang},
      booktitle={International Conference on Machine Learning},
  year={2022},
  organization={PMLR}
}