@article{goel2019time,
  title={Time/Accuracy Tradeoffs for learning a ReLU with respect to Gaussian Marginals},
  author={Goel, Surbhi and Karmalkar, Sushrut and Klivans, Adam},
  journal={Advances in neural information processing systems},
  year={2019}
}