@inproceedings{goel2017reliably,
  title={Reliably learning the relu in polynomial time},
  author={Goel, Surbhi and Kanade, Varun and Klivans, Adam and Thaler, Justin},
  booktitle={Conference on Learning Theory},
  pages={1004--1042},
  year={2017},
  organization={PMLR}
}

@inproceedings{goel2019learning,
  title={Learning neural networks with two nonlinear layers in polynomial time},
  author={Goel, Surbhi and Klivans, Adam R},
  booktitle={Conference on Learning Theory},
  pages={1470--1499},
  year={2019},
  organization={PMLR}
}

@inproceedings{goel2018learning,
  title={Learning one convolutional layer with overlapping patches},
  author={Goel, Surbhi and Klivans, Adam and Meka, Raghu},
  booktitle={International Conference on Machine Learning},
  pages={1783--1791},
  year={2018},
  organization={PMLR}
}

@inproceedings{goel2017eigenvalue,
  title={Eigenvalue decay implies polynomial-time learnability for neural networks},
  author={Goel, Surbhi and Klivans, Adam},
  booktitle={Proceedings of the 31st International Conference on Neural Information Processing Systems},
  pages={2189--2199},
  year={2017}
}

@inproceedings{goel2020superpolynomial,
  title={Superpolynomial lower bounds for learning one-layer neural networks using gradient descent},
  author={Goel, Surbhi and Gollakota, Aravind and Jin, Zhihan and Karmalkar, Sushrut and Klivans, Adam},
  booktitle={International Conference on Machine Learning},
  pages={3587--3596},
  year={2020},
  organization={PMLR}
}

@article{goel2019time,
  title={Time/Accuracy Tradeoffs for learning a ReLU with respect to Gaussian Marginals},
  author={Goel, Surbhi and Karmalkar, Sushrut and Klivans, Adam},
  journal={Advances in neural information processing systems},
  year={2019}
}

@article{goel2020statistical,
  title={Statistical-Query Lower Bounds via Functional Gradients},
  author={Goel, Surbhi and Gollakota, Aravind and Klivans, Adam},
  journal={Advances in Neural Information Processing Systems},
  volume={33},
  year={2020}
}

@inproceedings{diakonikolas2020approximation,
  title={Approximation schemes for relu regression},
  author={Diakonikolas, Ilias and Goel, Surbhi and Karmalkar, Sushrut and Klivans, Adam R and Soltanolkotabi, Mahdi},
  booktitle={Conference on Learning Theory},
  pages={1452--1485},
  year={2020},
  organization={PMLR}
}