@article{saunshi2022understanding,
      title={Understanding Contrastive Learning Requires Incorporating Inductive Biases}, 
      author={Nikunj Saunshi and Jordan T. Ash and admin and Dipendra Misra and Cyril Zhang and Sanjeev Arora and Sham Kakade and Akshay Krishnamurthy
},
  journal={arXiv preprint arXiv:2202.14037},
  year={2022}
}