@inproceedings{goel2017eigenvalue,
  title={Eigenvalue decay implies polynomial-time learnability for neural networks},
  author={Goel, Surbhi and Klivans, Adam},
  booktitle={Proceedings of the 31st International Conference on Neural Information Processing Systems},
  pages={2189--2199},
  year={2017}
}