@inproceedings{xustochastic,
      title={Stochastic Bandits with ReLU Neural Networks},
      author={Xu, Kan and Bastani, Hamsa and Goel, Surbhi and Bastani, Osbert},
      booktitle={International Conference on Machine Learning},
      year={2024},
      organization={PMLR}
}