@article{goel2020statistical,
  title={Statistical-Query Lower Bounds via Functional Gradients},
  author={Goel, Surbhi and Gollakota, Aravind and Klivans, Adam},
  journal={Advances in Neural Information Processing Systems},
  volume={33},
  year={2020}
}