@article{edelman2021inductive,
      title={Inductive Biases and Variable Creation in Self-Attention Mechanisms}, 
      author={Benjamin L. Edelman and Surbhi Goel and Sham Kakade and Cyril Zhang},
  journal={arXiv preprint arXiv:2110.10090},
  year={2021}
}