@inproceedings{ash2021gone,
  title={Gone Fishing: Neural Active Learning with Fisher Embeddings},
  author={Ash, Jordan T and Goel, Surbhi and Krishnamurthy, Akshay and Kakade, Sham},
  booktitle = {Advances in Neural Information Processing Systems},
  year={2021}
}