@article{edelman2024evolution,
      title={The Evolution of Statistical Induction Heads: In-Context Learning Markov Chains}, 
      author={Benjamin L. Edelman and Ezra Edelman and Surbhi Goel and Eran Malach and Nikos Tsilivis},
      year={2024},
      journal = {arXiv preprint arXiv:2402.11004},
}