@misc{liu2023exposing,
      title={Exposing Attention Glitches with Flip-Flop Language Modeling}, 
      author={Bingbin Liu and Jordan T. Ash and Surbhi Goel and Akshay Krishnamurthy and Cyril Zhang},
      year={2023},
      archivePrefix={arXiv},
}