@article{goel2023adversarial,
  title={Adversarial Resilience in Sequential Prediction via Abstention},
  author={Goel, Surbhi and Hanneke, Steve and Moran, Shay and Shetty, Abhishek},
  journal={arXiv preprint arXiv:2306.13119},
  year={2023}
}