@inproceedings{goel2019learning,
  title={Learning Ising models with independent failures},
  author={Goel, Surbhi and Kane, Daniel M and Klivans, Adam R},
  booktitle={Conference on Learning Theory},
  pages={1449--1469},
  year={2019},
  organization={PMLR}
}