@inproceedings{goel2020superpolynomial,
  title={Superpolynomial lower bounds for learning one-layer neural networks using gradient descent},
  author={Goel, Surbhi and Gollakota, Aravind and Jin, Zhihan and Karmalkar, Sushrut and Klivans, Adam},
  booktitle={International Conference on Machine Learning},
  pages={3587--3596},
  year={2020},
  organization={PMLR}
}