@inproceedings{goel2020boltzmann,
 author = {Goel, Surbhi and Klivans, Adam and Koehler, Frederic},
 booktitle = {Advances in Neural Information Processing Systems},
 title = {From Boltzmann Machines to Neural Networks and Back Again},
 year = {2020}
}
