@article{chen2023learning,
  title={Learning Narrow One-Hidden-Layer ReLU Networks},
  author={Chen, Sitan and Dou, Zehao and Goel, Surbhi and Klivans, Adam R and Meka, Raghu},
  journal={arXiv preprint arXiv:2304.10524},
  year={2023}
}