@inproceedings{agarwal2021acceleration,
  title={Acceleration via Fractal Learning Rate Schedules},
  author={Agarwal, Naman and Goel, Surbhi and Zhang, Cyril},
    booktitle={International Conference on Machine Learning},
  year={2021},
  organization={PMLR}
}