@article{qiu2024complexity,
      title={Complexity Matters: Dynamics of Feature Learning in the Presence of Spurious Correlations}, 
      author={GuanWen Qiu and Da Huang and Surbhi Goel},
      year={2024},
      journal = {arXiv preprint arXiv:2403.03375},
}