@article{agarwal2021acceleration,
  title={Acceleration via Fractal Learning Rate Schedules},
  author={Agarwal, Naman and Goel, Surbhi and Zhang, Cyril},
  journal={arXiv preprint arXiv:2103.01338},
  year={2021}
}