@inproceedings{goel2017reliably,
  title={Reliably learning the relu in polynomial time},
  author={Goel, Surbhi and Kanade, Varun and Klivans, Adam and Thaler, Justin},
  booktitle={Conference on Learning Theory},
  pages={1004--1042},
  year={2017},
  organization={PMLR}
}