@inproceedings{dagan2021statistical,
  title={Statistical Estimation from Dependent Data},
  author={Dagan, Yuval and Daskalakis, Constantinos and Dikkala, Nishanth and Goel, Surbhi and Kandiros, Vardis},
  booktitle={International Conference on Machine Learning},
  pages={5269--5278},
  year={2021},
  organization={PMLR}
}
