@inproceedings{goel2018learning,
  title={Learning one convolutional layer with overlapping patches},
  author={Goel, Surbhi and Klivans, Adam and Meka, Raghu},
  booktitle={International Conference on Machine Learning},
  pages={1783--1791},
  year={2018},
  organization={PMLR}
}