@inproceedings{49709,
title	= {Tight Hardness Results for Training Depth-2 ReLU Networks},
author	= {admin and Adam Klivans and Pasin Manurangsi and Daniel Reichman},
year	= {2021},
pages	= {22:1-22:14}
}