@article{ash2021anti,
  title={Anti-Concentrated Confidence Bonuses for Scalable Exploration},
  author={Ash, Jordan T and Zhang, Cyril and Goel, Surbhi and Krishnamurthy, Akshay and Kakade, Sham},
  journal={arXiv preprint arXiv:2110.11202},
  year={2021}
}