@inproceedings{diakonikolas2020approximation,
  title={Approximation schemes for relu regression},
  author={Diakonikolas, Ilias and Goel, Surbhi and Karmalkar, Sushrut and Klivans, Adam R and Soltanolkotabi, Mahdi},
  booktitle={Conference on Learning Theory},
  pages={1452--1485},
  year={2020},
  organization={PMLR}
}