@inproceedings{qiu2024complexity,
      title={Complexity Matters: Dynamics of Feature Learning in the Presence of Spurious Correlations}, 
      author={GuanWen Qiu and Da Huang and Surbhi Goel},
      booktitle={International Conference on Machine Learning},
      year={2024},
      organization={PMLR}
}