@article{sabbaghi2024explicitly,
  title={Explicitly Encoding Structural Symmetry is Key to Length Generalization in Arithmetic Tasks},
  author={Sabbaghi, Mahdi and Pappas, George and Hassani, Hamed and Goel, Surbhi},
  journal={arXiv preprint arXiv:2406.01895},
  year={2024}
}