@article{edelman2023pareto,
      title={Pareto Frontiers in Neural Feature Learning: Data, Compute, Width, and Luck}, 
      author={Benjamin L. Edelman and Surbhi Goel and Sham Kakade and Eran Malach and Cyril Zhang},
      year={2023},
      journal = {arXiv preprint arXiv:2309.03800},
}