@article{jordan2019quantifying,
  title={Quantifying perceptual distortion of adversarial examples},
  author={Jordan, Matt and Manoj, Naren and Goel, Surbhi and Dimakis, Alexandros G},
  journal={arXiv preprint arXiv:1902.08265},
  year={2019}
}