@article{barak2022hidden,
      title={Hidden Progress in Deep Learning: SGD Learns Parities Near the Computational Limit}, 
      author={Boaz Barak and Benjamin L. Edelman and admin and Sham Kakade and Eran Malach and Cyril Zhang},
      ournal={arXiv preprint arXiv:2207.08799},
      year={2022}
}