@article{xue2024logicbreaks,
  title={Logicbreaks: A Framework for Understanding Subversion of Rule-based Inference},
  author={Xue, Anton and Khare, Avishree and Alur, Rajeev and Goel, Surbhi and Wong, Eric},
  journal={arXiv preprint arXiv:2407.00075},
  year={2024}
}