@inproceedings{goel2020learning,
  title={Learning ising and potts models with latent variables},
  author={Goel, Surbhi},
  booktitle={International Conference on Artificial Intelligence and Statistics},
  pages={3557--3566},
  year={2020},
  organization={PMLR}
}