@inproceedings{montasser2020efficiently,
  title={Efficiently learning adversarially robust halfspaces with noise},
  author={Montasser, Omar and Goel, Surbhi and Diakonikolas, Ilias and Srebro, Nathan},
  booktitle={International Conference on Machine Learning},
  pages={7010--7021},
  year={2020},
  organization={PMLR}
}