@inproceedings{goel2019learning,
  title={Learning neural networks with two nonlinear layers in polynomial time},
  author={Goel, Surbhi and Klivans, Adam R},
  booktitle={Conference on Learning Theory},
  pages={1470--1499},
  year={2019},
  organization={PMLR}
}