@inproceedings{ash2021investigating,
  title={Investigating the Role of Negatives in Contrastive Representation Learning},
  author={Ash, Jordan T and Goel, Surbhi and Krishnamurthy, Akshay and Misra, Dipendra},
  booktitle={International Conference on Artificial Intelligence and Statistics},
  year={2022},
  organization={PMLR}
}