@inproceedings{goel2022recurrent,
      title = {Recurrent Convolutional Neural Networks Learn Succinct Learning Algorithms},
      author = {Goel, Surbhi and Kakade, Sham and Kalai, Adam Tauman and Zhang, Cyril},
      url = {https://arxiv.org/abs/2209.00735},
      booktitle = {Advances in Neural Information Processing Systems},
      year={2022}
}